@inproceedings{vasisht2016,
  title={Decimeter-level localization with a single WiFi access point},
  author={Vasisht, Deepak and Kumar, Swarun and Katabi, Dina},
  booktitle={13th USENIX Symposium on Networked Systems Design and Implementation (NSDI 16)},
  pages={165--178},
  year={2016}
}
